% Incluir as demais referências ...

% Consulte o manual de referências para entender como manter a bibliografia e fazer citações no documento
% http://get-software.net/macros/latex/contrib/abntex2/doc/abntex2cite-alf.pdf

@book{nomenacitacao,
	author    = {Silva, Karan Luciano},
	publisher = {Nome da Editora},
	title     = {Modelo Latex UNEMAT - BBG},
	subtitle  = {Subt\'itulo da obra},
	address   = {Barra do Bugres},
	edition   = {2},
	year      = {2019},
	url		  = {https://github.com/lkaranl/PRE-PROJETO-TCC-LATEX}	
}
