@book{goldberg1989genetic,
	title={Genetic algorithms in search, optimization, and machine learning},
	author={Goldberg, David E},
	year={1989},
	publisher={Addison-Wesley Professional}
}

@book{holland1975adaptation,
	title={Adaptation in natural and artificial systems},
	author={Holland, John H},
	year={1975},
	publisher={University of Michigan Press}
}

@book{back1997handbook,
	title={Handbook of evolutionary computation},
	editor={Back, Thomas and Fogel, David B and Michalewicz, Zbigniew},
	year={1997},
	publisher={Oxford University Press}
}

@book{davis1991handbook,
	title={Handbook of genetic algorithms},
	editor={Davis, Lawrence},
	year={1991},
	publisher={Van Nostrand Reinhold}
}

@book{dorigo2004ant,
	title={Ant colony optimization},
	author={Dorigo, Marco and St{\"u}tzle, Thomas},
	year={2004},
	publisher={MIT Press}
}

@book{schwefel1995evolution,
	title={Evolution and optimum seeking},
	author={Schwefel, Hans-Paul},
	year={1995},
	publisher={John Wiley \& Sons}
}

@book{michalewicz2004solve,
	title={How to solve it: Modern heuristics},
	author={Michalewicz, Zbigniew and Fogel, David B},
	year={2004},
	publisher={Springer Science \& Business Media}
}

@book{mitchell1996introduction,
	title={An introduction to genetic algorithms},
	author={Mitchell, Melanie},
	year={1996},
	publisher={MIT press}
}

@article{kirkpatrick1983optimization,
	title={Optimization by simulated annealing},
	author={Kirkpatrick, Scott and Gelatt Jr, C Daniel and Vecchi, Mario P},
	journal={Science},
	volume={220},
	number={4598},
	pages={671--680},
	year={1983},
	publisher={American Association for the Advancement of Science}
}

@book{eiben2015introduction,
	title={Introduction to evolutionary computing},
	author={Eiben, Agoston E and Smith, J Evert},
	year={2015},
	publisher={Springer}
}

@book{sivanandam2008introduction,
	title={Introduction to genetic algorithms},
	author={Sivanandam, S. N. and Deepa, S. N.},
	year={2008},
	publisher={Springer Science \& Business Media}
}

@article{clewlow1999implementing,
	title={Implementing derivatives models},
	author={Clewlow, Les and Strickland, Chris},
	journal={John Wiley \& Sons},
	year={1999}
}

@book{cont2004financial,
	title={Financial modelling with jump processes},
	author={Cont, Rama and Tankov, Peter},
	year={2004},
	publisher={Chapman \& Hall/CRC}
}

@book{gatheral2011volatility,
	title={The volatility surface: A practitioner's guide},
	author={Gatheral, Jim},
	year={2011},
	publisher={John Wiley \& Sons}
}

@article{cont2001empirical,
	title={Empirical properties of asset returns: stylized facts and statistical issues},
	author={Cont, Rama},
	journal={Quantitative finance},
	volume={1},
	number={2},
	pages={223--236},
	year={2001},
	publisher={Taylor \& Francis}
}

@article{farmer2005predictive,
	title={The predictive power of zero intelligence in financial markets},
	author={Farmer, J. Doyne and Patelli, Paolo and Zovko, Ilija},
	journal={Proceedings of the National Academy of Sciences},
	volume={102},
	number={6},
	pages={2254--2259},
	year={2005},
	publisher={National Acad Sciences}
}

@book{hasbrouck2007empirical,
	title={Empirical market microstructure: The institutions, economics, and econometrics of securities trading},
	author={Hasbrouck, Joel},
	year={2007},
	publisher={Oxford University Press}
}

@book{abergel2013high,
	title={High-frequency trading: A practical guide to algorithmic strategies and trading systems},
	author={Abergel, Fr{\'e}d{\'e}ric and Jedidi, Aymeric},
	year={2013},
	publisher={John Wiley \& Sons}
}

@article{gatheral2010no,
	title={No-dynamic-arbitrage and market impact},
	author={Gatheral, Jim},
	journal={Quantitative finance},
	volume={10},
	number={7},
	pages={749--759},
	year={2010},
	publisher={Taylor \& Francis}
}
